@misc{ravanelli2019speaker,
      title={Speaker Recognition from Raw Waveform with SincNet}, 
      author={Mirco Ravanelli and Yoshua Bengio},
      year={2019},
      eprint={1808.00158},
      archivePrefix={arXiv},
      primaryClass={eess.AS}
}
@INPROCEEDINGS{15_0185,
  author={Nanxin Chen, Yanmin Qian, Kai Yu},
  booktitle={INTERSPEECH 2015 16th Annual Conference of the International Speech Communication Association}, 
  title={Multi-Task Learning for Text-Dependent Speaker Verification}, 
  year={2015},
  volume={},
  number={},
  pages={185-189},
}

@INPROCEEDINGS{6854363,
  author={Variani, Ehsan and Lei, Xin and McDermott, Erik and Moreno, Ignacio Lopez and Gonzalez-Dominguez, Javier},
  booktitle={2014 IEEE International Conference on Acoustics, Speech and Signal Processing (ICASSP)}, 
  title={Deep neural networks for small footprint text-dependent speaker verification}, 
  year={2014},
  volume={},
  number={},
  pages={4052-4056},
  doi={10.1109/ICASSP.2014.6854363}}

@INPROCEEDINGS{8461375,
  author={Snyder, David and Garcia-Romero, Daniel and Sell, Gregory and Povey, Daniel and Khudanpur, Sanjeev},
  booktitle={2018 IEEE International Conference on Acoustics, Speech and Signal Processing (ICASSP)}, 
  title={X-Vectors: Robust DNN Embeddings for Speaker Recognition}, 
  year={2018},
  volume={},
  number={},
  pages={5329-5333},
  doi={10.1109/ICASSP.2018.8461375}}
  
@misc{tang2016multitask,
      title={Multi-task Recurrent Model for Speech and Speaker Recognition}, 
      author={Zhiyuan Tang and Lantian Li and Dong Wang},
      year={2016},
      eprint={1603.09643},
      archivePrefix={arXiv},
      primaryClass={cs.CL}
}
